% -------------------------------------------
%---------------------------------------------------------- Bibliography
% -----------------------------------------------  Books
%
%@BOOK{Griffiths,
%  title={Introduction to electrodynamics},
%  author={Griffiths, David J.},
%  year={1962},
%  publisher={Prentice Hall},
%  edition={4th Ed.}}
%  
@book{Hecht,
  title={Optics},
  author={Hecht, Eugene},
  publisher={Addison Wesley},
  year={1998},
  edition={4th Ed.}}

% ------------------------------------------------------------------------

@article{johnson1972constants,
  title={Optical constants of the noble metals},
  author={Johnson, Peter B and Christy, R-W\_},
  journal={Physical review B},
  volume={6},
  number={12},
  pages={4370},
  year={1972},
  publisher={APS}
}
@book{maier2007plasmonics,
  title={Plasmonics: fundamentals and applications},
  author={Maier, Stefan Alexander},
  year={2007},
  publisher={Springer Science \& Business Media}
}

@book{bohren1998absorption,
  title={Absorption and scattering of light by small particles},
  author={Bohren, Craig F and Huffman, Donald R},
  year={1998},
  publisher={John Wiley \& Sons}
}

@book{gross2014festkorperphysik,
  title={Festk{\"o}rperphysik},
  author={Gross, Rudolf and Marx, Achim},
  year={2014},
  publisher={Walter de Gruyter GmbH \& Co KG}
}

@book{hulst1981light,
  title={Light scattering by small particles},
  author={ van de Hulst, Hendrik C},
  year={1981},
  publisher={Dover Publications}
}

@book{landau1960electro,
  title={Course of theoretical physics, vol. 8: Electrodynamics of continuous},
  author={ L. D. Landau, y E.M. Lifshitz},
  year={1960},
  publisher={Pergamon Press}
}

@book{novotny2006principles,
  title={Principles of nano-optics},
  author={Novotny, Lukas and Hecht, Bert},
  year={2006},
  publisher={Cambridge university press}
}

@book{kreibig1995clusters,
  title={Optical Properties of Metal Clusters},
  author={ U. Kreibig y M. Vollmer.},
  year={1995},
  publisher={Springer}
}

@book{arfken2001methods,
  title={Mathematical methods for physicists},
  author={G. B. Arfken, y  H. J. Weber},
  year={2001},
  publisher={Harcourt Academic Press}
}

@book{gauglitz2014handbook,
  title={Handbook of spectroscopy},
  author={Gauglitz, G{\"u}nter and Moore, David Steven},
  volume={2},
  year={2014},
  publisher={John Wiley \& Sons}
}

@book{griffiths2013electrodynamics,
  title={Introduction to electrodynamics},
  author={Griffiths, David J},
  year={2013},
  publisher={Pearson}
}

@book{sihvola1999mixing,
  title={Electromagnetic mixing formulas and applications},
  author={Sihvola, Ari H},
  number={47},
  year={1999},
  publisher={Iet}
}

@book{jackson1999electrodynamics,
  title={Classical electrodynamics},
  author={Jackson, John David},
  year={1999},
  publisher={John Wiley \& Sons},
  edition = {3rd Ed.}
}  

%-------------------------------------------------------------
@article{garcia2012multiple,
  title={Multiple-scattering model for the coherent reflection and transmission of light from a disordered monolayer of particles},
  author={Garc{\'\i}a-Valenzuela, Augusto and Guti{\'e}rrez-Reyes, Edah{\'\i} and Barrera, Rub{\'e}n G},
  journal={JOSA A},
  volume={29},
  number={6},
  pages={1161--1179},
  year={2012},
  publisher={Optical Society of America}
}

@article{barrera2003coherent, %RubenYaugusto
  title={Coherent reflectance in a system of random Mie scatterers and its relation to the effective-medium approach},
  author={Barrera, Rub{\'e}n G and Garc{\i}a-Valenzuela, Augusto},
  journal={JOSA A},
  volume={20},
  number={2},
  pages={296--311},
  year={2003},
  publisher={Optical Society of America}
}

@article{pena-gomar2006coherent,
abstract = {We develop a coherent-scattering model for the reflection of light from a monolayer of large particles and low surface coverage. The model takes into account multiple scattering between particles of the monolayer and with the substrate, and it can be used around the critical angle in an internal reflection configuration. We compare the results of the model with our own reflectivity data taken with latex particles adsorbed on a glass-water interface and with a simpler effective-medium model.},
author = {Pe{\~{n}}a-Gomar, Mary Carmen and Castillo, Francisco and Garc{\'{i}}a-Valenzuela, Augusto and Barrera, Rub{\'{e}}n G and P{\'{e}}rez, El{\'{i}}as},
doi = {10.1364/AO.45.000626},
issn = {0003-6935},
journal = {Applied optics},
pages = {626--632},
pmid = {16485672},
title = {{Coherent optical reflectance from a monolayer of large particles adsorbed on a glass surface.}},
volume = {45},
year = {2006}
}


@article{boverhof2015comparative,
  title={Comparative assessment of nanomaterial definitions and safety evaluation considerations},
  author={Boverhof, Darrell R and Bramante, Christina M and Butala, John H and Clancy, Shaun F and Lafranconi, Mark and West, Jay and Gordon, Steve C},
  journal={Regulatory toxicology and pharmacology},
  volume={73},
  number={1},
  pages={137--150},
  year={2015},
  publisher={Elsevier}
}


@article{stockman2011nanoplasmonics,
  title={Nanoplasmonics: The physics behind the applications},
  author={Stockman, Mark I},
  journal={Phys. Today},
  volume={64},
  number={2},
  pages={39--44},
  year={2011}
}

@article{jain2008noble,
  title={Noble metals on the nanoscale: optical and photothermal properties and some applications in imaging, sensing, biology, and medicine},
  author={Jain, Prashant K and Huang, Xiaohua and El-Sayed, Ivan H and El-Sayed, Mostafa A},
  journal={Accounts of chemical research},
  volume={41},
  number={12},
  pages={1578--1586},
  year={2008},
  publisher={ACS Publications}
}

@article{zhao2008methods,
  title={Methods for describing the electromagnetic properties of silver and gold nanoparticles},
  author={Zhao, Jing and Pinchuk, Anatoliy O and McMahon, Jeffrey M and Li, Shuzhou and Ausman, Logan K and Atkinson, Ariel L and Schatz, George C},
  journal={Accounts of chemical research},
  volume={41},
  number={12},
  pages={1710--1720},
  year={2008},
  publisher={ACS Publications}
}

@article{kabashin2009plasmonic,
  title={Plasmonic nanorod metamaterials for biosensing},
  author={Kabashin, AV and Evans, P and Pastkovsky, S and Hendren, W and Wurtz, GA and Atkinson, R and Pollard, R and Podolskiy, VA and Zayats, AV},
  journal={Nature materials},
  volume={8},
  number={11},
  pages={867--871},
  year={2009},
  publisher={Nature Publishing Group}
}

@article{danilov2018ultra,
  title={Ultra-narrow surface lattice resonances in plasmonic metamaterial arrays for biosensing applications},
  author={Danilov, Artem and Tselikov, Gleb and Wu, Fan and Kravets, Vasyl G and Ozerov, Igor and Bedu, Frederic and Grigorenko, Alexander N and Kabashin, Andrei V},
  journal={Biosensors and Bioelectronics},
  volume={104},
  pages={102--112},
  year={2018},
  publisher={Elsevier}
}

@article{sihvola2007dielectric,
  title={Dielectric polarization and particle shape effects},
  author={Sihvola, Ari},
  journal={Journal of Nanomaterials},
  volume={2007},
  number={1},
  pages={5--5},
  year={2007},
  publisher={Hindawi Publishing Corp.}
}

@article{atkinson2006anisotropic,
  title={Anisotropic optical properties of arrays of gold nanorods embedded in alumina},
  author={Atkinson, Ron and Hendren, William R and Wurtz, Gregory A and Dickson, Wayne and Zayats, Anatoly V and Evans, Paul and Pollard, Robert J},
  journal={Physical Review B},
  volume={73},
  number={23},
  pages={235402},
  year={2006},
  publisher={APS}
}

@article{mie1908metallosung,
author = {Mie, Gustav},
doi = {10.1002/andp.19083300302},
isbn = {1521-3889},
issn = {15213889},
journal = {Annalen der Physik},
mendeley-groups = {Plasmonics/Mie Solution-related papers},
number = {3},
pages = {377--445},
title = {{Beitr\"age zur Optik tr\"uber Medien, speziell kolloidaler Metall\"osungen}},
volume = {330},
year = {1908}
}

@article{horvath2009historic,
author = {Horvath, Helmuth},
doi = {10.1016/j.jqsrt.2009.02.022},
isbn = {0022-4073},
issn = {00224073},
journal = {Journal of Quantitative Spectroscopy and Radiative Transfer},
keywords = {Absorption,Mie theory,Polarization,Scattering},
number = {11},
pages = {787--799},
title = {{Gustav Mie and the scattering and absorption of light by particles: Historic developments and basics}},
volume = {110},
year = {2009}
}

@article{johnson1972contants,
  title={Optical constants of the noble metals},
  author={Johnson, Peter B and Christy, R-W\_},
  journal={Physical review B},
  volume={6},
  number={12},
  pages={4370},
  year={1972},
  publisher={APS}
}

@article{kwan2002really,
  title={Who really discovered Snell's law?},
  author={Kwan, Alistair and Dudley, John and Lantz, Eric},
  journal={Physics World},
  volume={15},
  number={4},
  pages={64},
  year={2002},
  publisher={IOP Publishing}
}
%-----------------------------------------------------------------------------





@mastersthesis{maciel2017momentum,
  author       = {Carlos Alberto Maciel Escudero}, 
  title        = {Linear momentum transfer from swift electrons to small metallic nanoparticles: dipole approximation},
  school       = {Ms. C. thesis, Universidad Nacional Aut\'onoma de M\'exico},
  year         = 2017,
  address      = {Ciudad de M\'exico, M\'exico},
  month        = 10,
}

@phdthesis{aizpurua1998coupling,
  title={Coupling of electrons and electromagnetic surface modes in scanning transmission electron microscopy},
  author={Aizpurua, J},
  year={1998},
  school={Ph. D. thesis, Universidad de Pa\'is Vasco},
  address ={Pa\'is Vasco, Espa\~na}
}

@phdthesis{trugler2011properties,
  title={Optical properties of metallic
nanoparticles},
  author={Tr\"ugler, A},
  year={2011},
  school={Ph. D. thesis,  Karl--Franzens--Universit\"at Granz},
  address ={Graz, Alemania}
}




























